@article{lamport94,
    author = "Leslie Lamport",
    title = "A Document Preparation System",
    volume = "2",
    year = "1994",
}
 
@article{test,
    author = " Testy Teston",
    title = "A Test Reference",
    journal = "Testley Review",
    year = "1357",
}

@article{greenwade93,
    author  = "George D. Greenwade",
    title   = "The {C}omprehensive {T}ex {A}rchive {N}etwork ({CTAN})",
    year    = "1993",
    journal = "TUGBoat",
    volume  = "14",
    number  = "3",
    pages   = "342-351"
}

@article{milgram94,
    author  = "Paul Milgram and Fumio Kishino",
    title   = "A {T}axonomy of {M}ixed {R}eality {V}isual {D}isplays",
    year    = "1994",
    journal = "IEICE TRANSACTIONS on Information and Systems",
    volume  = "E77-D",
    number  = "12",
    pages   = "1321-1329"
}

@article{azuma97,
    author  = "Ronald T. Azuma",
    title   = "A {S}urvey of {A}ugmented {R}eality",
    year    = "1997",
    journal = "Presence: Teleoperators and Virtual Environments",
    volume  = "6",
    number  = "4",
    pages   = "355-385"
}

@article{hughes97, 
    author="C. E. Hughes and C. B. Stapleton and D. E. Hughes and E. M. Smith", 
    journal="IEEE Computer Graphics and Applications", 
    title="Mixed {R}eality in {E}ducation, {E}ntertainment, and {T}raining", 
    year="2005", 
    volume="25", 
    number="6", 
    pages="24-30"
}